<?xml version="1.0" encoding="UTF-8"?><collection xmlns="http://www.loc.gov/MARC21/slim"><record><leader>00661nam--2200181-i-4500</leader><controlfield tag="001">000008004</controlfield><controlfield tag="002">20161230</controlfield><controlfield tag="005">20161230201027</controlfield><controlfield tag="008">060222s1000------------r-----000-0-fre-d</controlfield><datafield ind1=" " ind2=" " tag="040"><subfield code="a">IFIN-HH</subfield></datafield><datafield ind1=" " ind2=" " tag="041"><subfield code="a">fre</subfield></datafield><datafield ind1=" " ind2=" " tag="080"><subfield code="a">539.217:539.219.3</subfield></datafield><datafield ind1="1" ind2=" " tag="110"><subfield code="a">Commissariat A L Energie Atomique</subfield></datafield><datafield ind1="1" ind2="0" tag="245"><subfield code="a">Colloque sur la diffusion a l'etat solide</subfield><subfield code="b">(symposium on solid state diffusion) organise a saclay les 3, 4 et 5 juillet 1958 sous la presidence de m. le professeur chaudron, membre de l'institut</subfield></datafield><datafield ind1=" " ind2=" " tag="260"><subfield code="a">Gif-sur-yvette, France</subfield><subfield code="b">Centre D'Etudes Nucleaires De Saclay</subfield><subfield code="c">1959</subfield></datafield><datafield ind1=" " ind2=" " tag="300"><subfield code="a">175P</subfield></datafield><datafield ind1=" " ind2=" " tag="852"><subfield code="a">15441</subfield><subfield code="c">539.217</subfield></datafield><datafield ind1=" " ind2=" " tag="CAT"><subfield code="a">Sys</subfield><subfield code="c">20121210</subfield><subfield code="h">135638</subfield></datafield></record></collection>